<?xml version="1.0" encoding="UTF-8"?><collection xmlns="http://www.loc.gov/MARC21/slim"><record><leader>00544nam--2200193-i-4500</leader><controlfield tag="001">000020185</controlfield><controlfield tag="002">20161230</controlfield><controlfield tag="005">20161230201033</controlfield><controlfield tag="008">060222s1000------------r-----000-0-rum-d</controlfield><datafield ind1=" " ind2=" " tag="040"><subfield code="a">IFIN-HH</subfield></datafield><datafield ind1=" " ind2=" " tag="041"><subfield code="a">rum</subfield></datafield><datafield ind1=" " ind2=" " tag="080"><subfield code="a">669.017:621.382</subfield></datafield><datafield ind1="1" ind2=" " tag="100"><subfield code="a">Gidea, Suzana /S.A.</subfield></datafield><datafield ind1="1" ind2="0" tag="245"><subfield code="a">Metalurgia fizica a semiconductorilor</subfield><subfield code="c">Suzana gidea; marius protopopescu; dolphi drimer</subfield></datafield><datafield ind1=" " ind2=" " tag="260"><subfield code="a">Bucuresti</subfield><subfield code="b">Editura Academiei Rpr</subfield><subfield code="c">1963</subfield></datafield><datafield ind1=" " ind2=" " tag="300"><subfield code="a">500 P</subfield></datafield><datafield ind1="1" ind2=" " tag="700"><subfield code="a">Drimer, Dolphi</subfield></datafield><datafield ind1=" " ind2=" " tag="852"><subfield code="a">9047</subfield><subfield code="c">537.311.33</subfield></datafield><datafield ind1=" " ind2=" " tag="CAT"><subfield code="a">Sys</subfield><subfield code="c">20110714</subfield><subfield code="h">152155</subfield></datafield></record></collection>